%% This BibTeX bibliography file was created using BibDesk.
%% http://bibdesk.sourceforge.net/


%% Created for Anthony Roberts at 2015-06-28 18:15:51 +0930 


%% Saved with string encoding Unicode (UTF-8) 



@article{Strang77,
	Author = {G. Strang},
	Date-Added = {2015-06-28 08:45:44 +0000},
	Date-Modified = {2015-06-28 08:45:44 +0000},
	Doi = {10.1002/nme.1620110301},
	Journal = {Int. J.~Num. Meths Engrg},
	Local-Url = {file:///Users/a1184615/Documents/e-library/Strang77.pdf},
	Note = {\doi{10.1002/nme.1620110301}},
	Pages = {411--417},
	Title = {A homework exercise in finite elements},
	Volume = 11,
	Year = 1977,
	Abstract = {We suggest an exercise which illustrates many of the fundamental ideas of finite elements, and is nevertheless easily programmed and quickly solved. It is governed by a partial differential equation on a circular region, but by maintaining symmetry the stiffness matrix becomes small and tridiagonal. The accuracy of linear elements can be studied in detail, and a straightforward extension leads to the eigenvalue problem, elements of higher degree, numerical integration, isoparametric elements, and a simple example in plasticity.},
	Bdsk-File-1 = {YnBsaXN0MDDUAQIDBAUGJCVYJHZlcnNpb25YJG9iamVjdHNZJGFyY2hpdmVyVCR0b3ASAAGGoKgHCBMUFRYaIVUkbnVsbNMJCgsMDxJXTlMua2V5c1pOUy5vYmplY3RzViRjbGFzc6INDoACgAOiEBGABIAFgAdccmVsYXRpdmVQYXRoWWFsaWFzRGF0YV8QIy4uL0RvY3VtZW50cy9lLWxpYnJhcnkvU3RyYW5nNzcucGRm0hcLGBlXTlMuZGF0YU8RAZQAAAAAAZQAAgAADE1hY2ludG9zaCBIRAAAAAAAAAAAAAAAAAAAAM8pNkBIKwAAAA9JFQxTdHJhbmc3Ny5wZGYAAAAAAAAAAAAAAAAAAAAAAAAAAAAAAAAAAAAAAAAAAAAAAAAAAAAAAAAAAAAAAAAAAAAAgXYU0bXpiQAAAAAAAAAAAAEAAwAACSAAAAAAAAAAAAAAAAAAAAAJZS1saWJyYXJ5AAAQAAgAAM8oopgAAAARAAgAANG1Y/EAAAABABAAD0kVAA6iMgAOfQQAAmXZAAIAQE1hY2ludG9zaCBIRDpVc2VyczoAYTExODQ2MTU6AERvY3VtZW50czoAZS1saWJyYXJ5OgBTdHJhbmc3Ny5wZGYADgAaAAwAUwB0AHIAYQBuAGcANwA3AC4AcABkAGYADwAaAAwATQBhAGMAaQBuAHQAbwBzAGgAIABIAEQAEgAvVXNlcnMvYTExODQ2MTUvRG9jdW1lbnRzL2UtbGlicmFyeS9TdHJhbmc3Ny5wZGYAABMAAS8AABUAAgAP//8AAIAG0hscHR5aJGNsYXNzbmFtZVgkY2xhc3Nlc11OU011dGFibGVEYXRhox0fIFZOU0RhdGFYTlNPYmplY3TSGxwiI1xOU0RpY3Rpb25hcnmiIiBfEA9OU0tleWVkQXJjaGl2ZXLRJidUcm9vdIABAAgAEQAaACMALQAyADcAQABGAE0AVQBgAGcAagBsAG4AcQBzAHUAdwCEAI4AtAC5AMECWQJbAmACawJ0AoIChgKNApYCmwKoAqsCvQLAAsUAAAAAAAACAQAAAAAAAAAoAAAAAAAAAAAAAAAAAAACxw==}}
