

@book{npl61,
  address =       {London},
  author =        {{National Physical Laboratory}},
  edition =       {2nd},
  publisher =     {Her Majesty's Stationery Office},
  series =        {Notes on Applied Science},
  title =         {Modern Computing Methods},
  volume =        {16},
  year =          {1961},
}

